@book{barnes2011mathematical,
  title={Mathematical modelling with case studies: a differential equations approach using Maple and MATLAB},
  author={Barnes, Belinda and Fulford, G R},
  volume={25},
  year={2011},
  publisher={CRC Press}
}
@misc{Wind_data,
  author={U.S.Wind Climatology},
  year = {2023},
  url = {https://www.ncei.noaa.gov/access/monitoring/wind/},
  title = {Binary Wind Data Maps}
}
@misc{Tra_data,
  author={Britt Clennett, Karson Yiu, Morgan Winsor},
  year = {2023},
  url = {https://abcnews.go.com/International/china-accuses-us-flying-spy-balloons-airspace/story?id=97075173},
  urldate = {February 13, 2023},
  title = {Binary Wind Data Maps}
}